    @misc{
      twelve-factor_site,
      title  = "The twelve-factor app",
      author = "Adam Wiggins",
      howpublished    = "\url{https://12factor.net/}",
      year   = "2017"
    }

	@misc{
		microservices_twelve-fator_site,
		title = "MRA, Part 5: Adapting the Twelveâ€‘Factor App for Microservices",
		howpublished = "\url{https://www.nginx.com/blog/microservices-reference-architecture-nginx-twelve-factor-app/}",
		author = "NGINX",
		year = "2016"
	}

	@misc{documentation,
		title = "Twelve-factor official documentation",
		howpublished = "\url{https://web.archive.org/web/20170613060854/https://12factor.net/12factor.epub}",
		author = "Adam Wiggins",
	}

	@misc{programming_languages_big_companies,
		title = "Programming languages used in most popular websites",
		author = "Wikipedia",
		year = "2020",
		howpublished = "\url{https://en.wikipedia.org/wiki/Programming_languages_used_in_most_popular_websites}"
	}



